@article{Szurszewski03,
     key = "Szurszewski03",
  author = "Joe Szurszewski",
   title = "We Have Lift-off: The Launching Framework in Eclipse",
 journal = "Eclipse Corner Article",
    year = "2003",
   }

@article{Wright&04,
     key = "Wright\&04",
  author = "Darin Wright and Bjorn Freeman-Benson",
   title = "How to write an Eclipse debugger",
 journal = "Eclipse Corner Article",
    year = "2004",
   }
